@book{BookExample,
author = {Hastie, Trevor and Tibshirani, Robert and Friedman, Jerome},
title = {{The Elements of Statistical Learning: Data Mining, Inference, and Prediction}},
edition = {2},
isbn = {978-0-387-84858-7},
pages = {XXII, 745},
publisher = {Springer-Verlag New York},
year = {2009}
}

@article{ArticleExample,
author = {M{\'{e}}tivier, Jean-Philippe and Lepailleur, Alban and Buzmakov, Aleksey and Poezevara, Guillaume and Cr{\'{e}}milleux, Bruno and Kuznetsov, Sergei and {Le Goff}, J{\'{e}}r{\'{e}}mie and Napoli, Am{\'{e}}d{\'{e}}o and Bureau, Ronan and Cuissart, Bertrand},
title = {{Discovering structural alerts for mutagenicity using stable emerging molecular patterns}},
journal = {Journal of Chemical Information and Modeling},
number = {5},
pages = {925--940},
publisher = {American Chemical Society},
volume = {55},
year = {2015}
}


@inproceedings{ConferencePaperExample,
address = {New Orlean, LA, USA},
author = {Buzmakov, A and Kuznetsov, S O and Napoli, A},
title = {{Efficient Mining of Subsample-Stable Graph Patterns}},
booktitle = {2017 IEEE International Conference on Data Mining (ICDM)},
pages = {757--762},
year = {2017}
}

@online{HSEDocuments2,
  author = {{Кафедра ИТБ НИУ ВШЭ-Пермь}},
  title = {Курсовые работы и ВКР},
  year = 2020,
  url = {https://www.hse.ru/data/2020/11/26/1350963672/%D0%9F%D1%80%D0%B0%D0%B2%D0%B8%D0%BB%D0%B0%20%D0%92%D0%9A%D0%A0%20%D0%9F%D0%98%20(11.2020).pdf},
  urldate = {2022-11-13}
}
