@article{avis_aktualnye_2018,
  title           = {Актуальные вопросы банковской этики и задачи ее встраивания
                  в систему управления кредитными институтами},
  author          = {Авис, О. У.},
  date            = 2018,
  journaltitle    = {Финансовые Рынки И Банки},
  number          = 3,
  issn            = {2658-3917},
  url             = {https://elibrary.ru/item.asp?id=41479374},
  urldate         = {2023-03-07},
  langid          = {russian},
  language        = {ru},
  keywords        = {Банки,Меры Поведенческого Надзора,Надзорно-Правовой
                  Механизм,Этика Банков,Этический Кодекс},
  file            = {/home/samoed/Downloads/elibrary_41479374_33852364.pdf}
}

@article{brunk_exploring_2010,
  title           = {Exploring Origins of Ethical Company/Brand Perceptions —
                  {{A}} Consumer Perspective of Corporate Ethics},
  author          = {Brunk, Katja H.},
  date            = {2010-03-01},
  journaltitle    = {Journal of Business Research},
  shortjournal    = {Journal of Business Research},
  volume          = 63,
  number          = 3,
  pages           = {255--262},
  issn            = {0148-2963},
  doi             = {10.1016/j.jbusres.2009.03.011},
  url             =
                  {https://www.sciencedirect.com/science/article/pii/S0148296309000770},
  urldate         = {2023-02-28},
  langid          = {english},
  language        = {en},
  keywords        = {Brand misconduct,Consumer perceived ethicality
                  (CPE),Corporate ethics,Corporate social responsibility
                  (CSR),Ethical consumption,Qualitative research},
  file            =
                  {/home/samoed/Zotero/storage/W48VBZHM/S0148296309000770.html}
}

@article{climent_ethical_2018,
  title           = {Ethical {{Versus Conventional Banking}}: {{A Case Study}}},
  shorttitle      = {Ethical {{Versus Conventional Banking}}},
  author          = {Climent, Francisco},
  date            = {2018-07},
  journaltitle    = {Sustainability},
  volume          = 10,
  number          = 7,
  pages           = 2152,
  publisher       = {{Multidisciplinary Digital Publishing Institute}},
  issn            = {2071-1050},
  doi             = {10.3390/su10072152},
  url             = {https://www.mdpi.com/2071-1050/10/7/2152},
  urldate         = {2022-12-17},
  issue           = 7,
  langid          = {english},
  language        = {en},
  keywords        = {conventional banking,ethical banking,social banking,social
                  economy,social values},
  file            = {/home/samoed/Zotero/storage/8TYS72PP/Climent - 2018 -
                  Ethical Versus Conventional Banking A Case Study.pdf}
}

@unpublished{devlin_bert_2019,
  title           = {{{BERT}}: {{Pre-training}} of {{Deep Bidirectional
                  Transformers}} for {{Language Understanding}}},
  shorttitle      = {{{BERT}}},
  author          = {Devlin, Jacob and Chang, Ming-Wei and Lee, Kenton and
                  Toutanova, Kristina},
  date            = {2019-05-24},
  eprint          = {1810.04805},
  eprinttype      = {arxiv},
  eprintclass     = {cs},
  doi             = {10.48550/arXiv.1810.04805},
  url             = {http://arxiv.org/abs/1810.04805},
  urldate         = {2022-07-08},
  keywords        = {Computer Science - Computation and Language},
  file            = {/home/samoed/Zotero/storage/M2XLDN3L/Devlin et al. - 2019 -
                  BERT Pre-training of Deep Bidirectional
                  Transform.pdf;/home/samoed/Zotero/storage/LMFUZULE/1810.html}
}

@unpublished{dosovitskiy_image_2021,
  title           = {An {{Image}} Is {{Worth}} 16x16 {{Words}}: {{Transformers}}
                  for {{Image Recognition}} at {{Scale}}},
  shorttitle      = {An {{Image}} Is {{Worth}} 16x16 {{Words}}},
  author          = {Dosovitskiy, Alexey and Beyer, Lucas and Kolesnikov,
                  Alexander and Weissenborn, Dirk and Zhai, Xiaohua and
                  Unterthiner, Thomas and Dehghani, Mostafa and Minderer,
                  Matthias and Heigold, Georg and Gelly, Sylvain and Uszkoreit,
                  Jakob and Houlsby, Neil},
  date            = {2021-06-03},
  eprint          = {2010.11929},
  eprinttype      = {arxiv},
  eprintclass     = {cs},
  doi             = {10.48550/arXiv.2010.11929},
  url             = {http://arxiv.org/abs/2010.11929},
  keywords        = {Computer Science - Artificial Intelligence,Computer Science
                  - Computer Vision and Pattern Recognition,Computer Science -
                  Machine Learning},
  file            = {/home/samoed/Zotero/storage/GKIF5H3N/Dosovitskiy et al. -
                  2021 - An Image is Worth 16x16 Words Transformers for
                  Im.pdf;/home/samoed/Zotero/storage/7NY6TCPG/2010.html}
}

@article{harris_distributional_1954,
  title           = {Distributional {{Structure}}},
  author          = {Harris, Zellig S.},
  date            = {1954-08-01},
  journaltitle    = {WORD},
  volume          = 10,
  number          = {2-3},
  pages           = {146--162},
  publisher       = {{Routledge}},
  issn            = {0043-7956},
  doi             = {10.1080/00437956.1954.11659520},
  url             = {https://doi.org/10.1080/00437956.1954.11659520},
  urldate         = {2023-02-28},
  file            = {/home/samoed/Zotero/storage/U47TPQFP/Harris - 1954 -
                  Distributional Structure.pdf}
}

@article{harvey_ethical_1995,
  title           = {Ethical Banking: {{The}} Case of the {{Co-operative}} Bank},
  shorttitle      = {Ethical Banking},
  author          = {Harvey, Brian},
  date            = {1995-12-01},
  journaltitle    = {Journal of Business Ethics},
  shortjournal    = {J Bus Ethics},
  volume          = 14,
  number          = 12,
  pages           = {1005--1013},
  issn            = {1573-0697},
  doi             = {10.1007/BF00872116},
  url             = {https://doi.org/10.1007/BF00872116},
  urldate         = {2023-02-28},
  langid          = {english},
  language        = {en},
  keywords        = {Corporate Strategy,Ethical
                  Approach,Marketing,Organisational Origin,Service Market}
}

@article{jones_karen_sparck_statistical_1972,
  title           = {A Statistical Interpretation of Term Specificity and Its
                  Application in Retrieval},
  author          = {{Jones, Karen Sparck}},
  date            = {1972-01-01},
  journaltitle    = {Journal of Documentation},
  volume          = 28,
  number          = 1,
  pages           = {11--21},
  publisher       = {{MCB UP Ltd}},
  issn            = {0022-0418},
  doi             = {10.1108/eb026526},
  url             = {https://doi.org/10.1108/eb026526}
}

@article{kudryavceva_korporativnosocialnaya_2016,
  title           = {Корпоративно-Социальная Ответственность В Контексте Этики
                  Банковского Дела},
  author          = {Кудрявцева, Ю. А. and Чахкиев, Г. Г.},
  date            = 2016,
  pages           = {132--137},
  publisher       = {{Финансовый университет при Правительстве Российской
                  Федерации}},
  url             = {https://elibrary.ru/item.asp?id=26346779},
  urldate         = {2023-03-07},
  langid          = {russian},
  language        = {ru},
  keywords        = {Качество Жизни,Общественное Благо,Социальная
                  Ответственность,Финансовое Учреждение,Финансовый
                  Институт,Этическая Политика,Этическое Банковское Дело},
  file            = {/home/samoed/Zotero/storage/4PKNJZ76/Кудрявцева and Чахкиев
                  - 2016 - Корпоративно-Социальная Ответственность В
                  Контекст.pdf}
}

@inproceedings{mikolov_distributed_2013,
  title           = {Distributed {{Representations}} of {{Words}} and
                  {{Phrases}} and Their {{Compositionality}}},
  booktitle       = {Advances in {{Neural Information Processing Systems}}},
  author          = {Mikolov, Tomas and Sutskever, Ilya and Chen, Kai and
                  Corrado, Greg S and Dean, Jeff},
  date            = 2013,
  volume          = 26,
  publisher       = {{Curran Associates, Inc.}},
  url             =
                  {https://papers.nips.cc/paper/2013/hash/9aa42b31882ec039965f3c4923ce901b-Abstract.html},
  urldate         = {2023-02-28},
  file            = {/home/samoed/Zotero/storage/YTTUCEMR/Mikolov et al. - 2013
                  - Distributed Representations of Words and Phrases a.pdf}
}

@article{mitchell_bank_1992,
  title           = {Bank Ethics: {{An}} Exploratory Study of Ethical Behaviors
                  and Perceptions in Small, Local Banks},
  shorttitle      = {Bank Ethics},
  author          = {Mitchell, William J. and Lewis, Phillip V. and Reinsch, N.
                  L.},
  date            = {1992-03-01},
  journaltitle    = {Journal of Business Ethics},
  shortjournal    = {J Bus Ethics},
  volume          = 11,
  number          = 3,
  pages           = {197--205},
  issn            = {1573-0697},
  doi             = {10.1007/BF00871967},
  url             = {https://doi.org/10.1007/BF00871967},
  urldate         = {2023-02-28},
  langid          = {english},
  language        = {en},
  keywords        = {Economic Growth,Ethical Behavior,Exploratory Study,Research
                  Question,Unethical Behavior}
}

@article{mure_esg_2021,
  title           = {{{ESG}} and Reputation: {{The}} Case of Sanctioned
                  {{Italian}} Banks},
  shorttitle      = {{{ESG}} and Reputation},
  author          = {Murè, Pina and Spallone, Marco and Mango, Fabiomassimo and
                  Marzioni, Stefano and Bittucci, Lucilla},
  date            = 2021,
  journaltitle    = {Corporate Social Responsibility and Environmental
                  Management},
  volume          = 28,
  number          = 1,
  pages           = {265--277},
  issn            = {1535-3966},
  doi             = {10.1002/csr.2047},
  url             = {https://onlinelibrary.wiley.com/doi/abs/10.1002/csr.2047},
  urldate         = {2022-12-17},
  langid          = {english},
  language        = {en},
  keywords        = {banking reputation,banks sanctions,CSR,ESG score}
}

@unpublished{peters_deep_2018,
  title           = {Deep Contextualized Word Representations},
  author          = {Peters, Matthew E. and Neumann, Mark and Iyyer, Mohit and
                  Gardner, Matt and Clark, Christopher and Lee, Kenton and
                  Zettlemoyer, Luke},
  date            = {2018-03-22},
  eprint          = {1802.05365},
  eprinttype      = {arxiv},
  eprintclass     = {cs},
  doi             = {10.48550/arXiv.1802.05365},
  url             = {http://arxiv.org/abs/1802.05365},
  urldate         = {2023-02-28},
  keywords        = {Computer Science - Computation and Language},
  file            = {/home/samoed/Zotero/storage/ZEGSKQC6/Peters et al. - 2018 -
                  Deep contextualized word
                  representations.pdf;/home/samoed/Zotero/storage/3SSGYDWB/1802.html}
}

@article{radford_language_2019,
  title           = {Language {{Models}} Are {{Unsupervised Multitask
                  Learners}}},
  author          = {Radford, Alec and Wu, Jeffrey and Child, Rewon and Luan,
                  David and Amodei, Dario and Sutskever, Ilya},
  date            = 2019,
  langid          = {english},
  language        = {en},
  file            = {/home/samoed/Zotero/storage/ZZKR2VA7/Radford et al. -
                  Language Models are Unsupervised Multitask Learner.pdf}
}

@unpublished{radford_learning_2021,
  title           = {Learning {{Transferable Visual Models From Natural Language
                  Supervision}}},
  author          = {Radford, Alec and Kim, Jong Wook and Hallacy, Chris and
                  Ramesh, Aditya and Goh, Gabriel and Agarwal, Sandhini and
                  Sastry, Girish and Askell, Amanda and Mishkin, Pamela and
                  Clark, Jack and Krueger, Gretchen and Sutskever, Ilya},
  date            = {2021-02-26},
  eprint          = {2103.00020},
  eprinttype      = {arxiv},
  eprintclass     = {cs},
  doi             = {10.48550/arXiv.2103.00020},
  url             = {http://arxiv.org/abs/2103.00020},
  urldate         = {2023-02-28},
  keywords        = {Computer Science - Computer Vision and Pattern
                  Recognition,Computer Science - Machine Learning},
  file            = {/home/samoed/Zotero/storage/Y7KDXNZ3/Radford et al. - 2021
                  - Learning Transferable Visual Models From Natural
                  L.pdf;/home/samoed/Zotero/storage/LMFKENWV/2103.html}
}

@unpublished{reimers_sentence-bert_2019,
  title           = {Sentence-{{BERT}}: {{Sentence Embeddings}} Using {{Siamese
                  BERT-Networks}}},
  shorttitle      = {Sentence-{{BERT}}},
  author          = {Reimers, Nils and Gurevych, Iryna},
  date            = {2019-08-27},
  eprint          = {1908.10084},
  eprinttype      = {arxiv},
  eprintclass     = {cs},
  doi             = {10.48550/arXiv.1908.10084},
  url             = {http://arxiv.org/abs/1908.10084},
  urldate         = {2022-12-20},
  keywords        = {Computer Science - Computation and Language},
  file            = {/home/samoed/Zotero/storage/X23VTB34/Reimers and Gurevych -
                  2019 - Sentence-BERT Sentence Embeddings using Siamese
                  B.pdf;/home/samoed/Zotero/storage/ZEZX9K2Y/1908.html}
}

@inproceedings{semenko_korporativnaya_2022,
  title           = {Корпоративная Социальная Ответственность И Бизнес-Этика
                  Компании},
  author          = {Семенко, Ирина Егоровна},
  date            = 2022,
  pages           = {43--45},
  publisher       = {{Наука и Просвещение (ИП Гуляев Г.Ю.)}},
  url             = {https://elibrary.ru/item.asp?id=48458847},
  urldate         = {2023-03-09},
  langid          = {russian},
  language        = {ru},
  keywords        = {Бизнес-Этика,Внешняя Среда,Внутренняя
                  Среда,Кодекс,Корпоративная Социальная
                  Ответственность,Корпоративное Управление,Корпоративный
                  Менеджмент,Социальная Поддержка},
  file            = {/home/samoed/Zotero/storage/Y4LB6Z8B/Семенко - 2022 -
                  Корпоративная Социальная Ответственность И Бизнес-.pdf}
}

@article{smirnova_biznesetika_2021,
  title           = {Бизнес-Этика Как Приоритетный Вектор Современного Развития
                  Организаций},
  author          = {Смирнова, И. Л. and Соловьева, М. В.},
  date            = 2021,
  journaltitle    = {Вестник Волжского Университета Им. В.н. Татищева},
  volume          = 2,
  issn            = {2076-7919},
  doi             = {10.51965/2076-7919_2021_2_1_105},
  url             = {https://elibrary.ru/item.asp?id=44855292},
  urldate         = {2023-03-09},
  issue           = {1~(47)},
  langid          = {russian},
  language        = {ru},
  keywords        = {Деловая Этика,Кодекс Корпоративной Этики,Корпоративная
                  Социальная Ответственность,Обязательства Перед Основными
                  Группами Заинтересованных Лиц,Подходы Формирования
                  Бизнес-Этики В Организации,Приоритеты Развития Современных
                  Компаний},
  file            = {/home/samoed/Zotero/storage/9P9JN9RV/Смирнова and Соловьева
                  - 2021 - Бизнес-Этика Как Приоритетный Вектор Современного
                  .pdf}
}

@inproceedings{vaswani_attention_2017,
  title           = {Attention Is {{All}} You {{Need}}},
  booktitle       = {Advances in {{Neural Information Processing Systems}}},
  author          = {Vaswani, Ashish and Shazeer, Noam and Parmar, Niki and
                  Uszkoreit, Jakob and Jones, Llion and Gomez, Aidan N and
                  Kaiser, Łukasz and Polosukhin, Illia},
  date            = 2017,
  volume          = 30,
  url             =
                  {https://papers.nips.cc/paper/2017/hash/3f5ee243547dee91fbd053c1c4a845aa-Abstract.html},
  urldate         = {2023-02-28},
  file            = {/home/samoed/Zotero/storage/PKEVR2B6/Vaswani et al. - 2017
                  - Attention is All you Need.pdf}
}
